@misc{22,
    title = {{A look at Tesla’s new Autopilot hardware suite: 8 cameras, 1 radar, ultrasonics {\&} new supercomputer}},
    shorttitle = {A look at {\{}Tesla{\}}’s new {\{}Autopilot{\}} hardware suite},
    year = {2016},
    booktitle = {20 Oktober},
    author = {Lambert, Fred},
    month = {10},
    url = {https://electrek.co/2016/10/20/tesla-new-autopilot-hardware-suite-camera-nvidia-tesla-vision/}
}

@inproceedings{ono_probe_2002,
    title = {{A probe car for parking-vehicle detection by using laser range sensor}},
    year = {2002},
    booktitle = {Intelligent Vehicle Symposium, 2002. IEEE},
    author = {Ono, S and Kagesawa, M and Ikeuchi, K},
    pages = {322--327},
    volume = {2},
    url = {http://ieeexplore.ieee.org/ielx5/8453/26633/01187972.pdf?tp=&arnumber=1187972&isnumber=26633},
    isbn = {0-7803-7346-4},
    doi = {10.1109/IVS.2002.1187972},
    keywords = {3-D map, Capacitive sensors, Cities and towns, Japanese road administrators, Laser theory, Navigation, Probes, Road vehicles, Sensor phenomena and characterization, Space vehicles, Statistics, Telecommunication traffic, automobiles, driver information systems, laser range finder, laser ranging, parking, parking-vehicle detection, probe car, road traffic, texture images, traffic congestion}
}

@article{2,
    title = {{A reservation-based smart parking system}},
    year = {2011},
    journal = {2011 IEEE Conference on Computer Communications Workshops, INFOCOM WKSHPS 2011},
    author = {Wang, Hongwei and He, Wenbo},
    pages = {690--695},
    isbn = {9781457702488},
    doi = {10.1109/INFCOMW.2011.5928901},
    keywords = {modeling, simulation, smart parking}
}

@inproceedings{angelis_simple_2016,
    title = {{A simple magnetic signature vehicles detection and classification system for Smart Cities}},
    year = {2016},
    booktitle = {2016 IEEE International Symposium on Systems Engineering (ISSE)},
    author = {De Angelis, Guido and De Angelis, Alessio and Pasku, Valter and Moschitta, Antonio and Carbone, Paolo},
    pages = {1--6},
    url = {http://ieeexplore.ieee.org/document/7753170/},
    isbn = {978-1-5090-0793-6},
    doi = {10.1109/SysEng.2016.7753170},
    keywords = {Databases, Dynamic Time Warping ({\{}DTW{\}}), Heuristic algorithms, Magnetic field measurement, Magnetic fields, Magnetic resonance imaging, Magnetometers, dynamic time warping method, image classification, image matching, intelligent transportation system, intelligent transportation systems, magnetic signature vehicle classification system, magnetic signature vehicle detection system, object detection, object recognition, public safety organization, real time system, smart cities, smart city, speed estimation, vehicle classification, vehicle length estimation, vehicle recognition, vehicle type classification, vehicles, {\{}DTW{\}} method, {\{}ITS{\}}}
}

@inproceedings{mainetti_smart_2015,
    title = {{A Smart Parking System based on IoT protocols and emerging enabling technologies}},
    year = {2016},
    booktitle = {IEEE World Forum on Internet of Things, WF-IoT 2015 - Proceedings},
    author = {Mainetti, Luca and Patrono, Luigi and Stefanizzi, Maria Laura and Vergallo, Roberto},
    pages = {764--769},
    isbn = {9781509003655},
    doi = {10.1109/WF-IoT.2015.7389150},
    keywords = {Cloud, Smart Cities, Smart Parking, Wireless Sensor Network, mobile}
}

@inproceedings{yuan_smart_2016,
    title = {{A smart parking system using WiFi and wireless sensor network}},
    year = {2016},
    booktitle = {2016 IEEE International Conference on Consumer Electronics-Taiwan, ICCE-TW 2016},
    author = {Yuan, Cheng and Fei, Li and Jianxin, Chen and Wei, Ji},
    pages = {1--2},
    isbn = {9781509020737},
    doi = {10.1109/ICCE-TW.2016.7520924},
    keywords = {Intelligent sensors, Magnetic sensors, Magnetometers, Servers, Wi-Fi, geomagnetic sensor, indoor navigation, indoor position technology development, parking space occupation detection, smart parking system, space navigation, vehicles, wireless sensor network, wireless sensor networks, wireless {\{}LAN{\}}, {\{}IEEE{\}} 802.11 Standard}
}

@inproceedings{park2007survey,
    title = {{A survey of security threats on 4G networks}},
    year = {2007},
    booktitle = {Globecom Workshops, 2007 IEEE},
    author = {Park, Yongsuk and Park, Taejoon},
    pages = {1--6},
    organization = {IEEE}
}

@inproceedings{kovavisaruch_accuracy_2009,
    title = {{Accuracy improvement method for vehicle detection using optical sensors}},
    year = {2009},
    booktitle = {Intelligent Transport Systems Telecommunications,(ITST),2009 9th International Conference on},
    author = {Kovavisaruch, L. and Sanpechuda, T. and Chinrungrueng, J. and Sununtachaikul, U. and Kittipiyakul, S. and Samphanyuth, S.},
    pages = {218 -222},
    isbn = {978-1-4244-5347-4},
    doi = {10.1109/ITST.2009.5399352},
    keywords = {vehicle detection, wireless sensor networks}
}

@inproceedings{yan_efficient_2009,
    title = {{An efficient geographic location-based security mechanism for vehicular adhoc networks}},
    year = {2009},
    booktitle = {2009 {\{}IEEE{\}} 6th {\{}International{\}} {\{}Conference{\}} on {\{}Mobile{\}} {\{}Adhoc{\}} and {\{}Sensor{\}} {\{}Systems{\}}},
    author = {Yan, G and Olariu, S},
    month = {10},
    pages = {804--809},
    doi = {10.1109/MOBHOC.2009.5336914},
    keywords = {Certification, Computer security, Credit cards, Identity-based encryption, Information security, Peer to peer computing, Public key, Public key cryptography, Road vehicles, VANET, ad hoc networks, authentication, cryptography, geographic location-based security mechanism, location-based encryption method, mapping function, message authentication, mobile radio, telecommunication security, vehicular adhoc network}
}

@article{sun_identity-based_2010,
    title = {{An {\{}Identity{\}}-{\{}Based{\}} {\{}Security{\}} {\{}System{\}} for {\{}User{\}} {\{}Privacy{\}} in {\{}Vehicular{\}} {\{}Ad{\}} {\{}Hoc{\}} {\{}Networks{\}}}},
    year = {2010},
    journal = {IEEE Transactions on Parallel and Distributed Systems},
    author = {Sun, J and Zhang, C and Zhang, Y and Fang, Y},
    number = {9},
    month = {9},
    pages = {1227--1239},
    volume = {21},
    doi = {10.1109/TPDS.2010.14},
    issn = {1045-9219},
    keywords = {Identity-based encryption, Information security, Law enforcement, Privacy, Roads, Safety, Sun, VANET access, ad hoc networks, authentication, cryptography, identity-based cryptography, identity-based cryptosystem, identity-based security system, message integrity, misbehavior, mobile radio, privacy-preserving defense technique, pseudonym, revocation, telecommunication security, traceability, user privacy, vehicles, vehicular ad hoc network., vehicular ad hoc networks}
}

@misc{24,
    title = {{Audis {\{}Can{\}} {\{}Now{\}} {\{}Talk{\}} {\{}To{\}} {\{}Traffic{\}} {\{}Lights{\}}}},
    year = {2016},
    booktitle = {Fortune},
    month = {12},
    url = {http://fortune.com/2016/12/06/audi-traffic-lights-vegas/}
}

@inproceedings{gupta_automated_2016,
    title = {{Automated vehicle detection using optical fiber communication}},
    year = {2016},
    booktitle = {2016 Ieee Sensors},
    author = {Gupta, Samarth and Upadhyaya, Vikas},
    pages = {1--3},
    url = {http://ieeexplore.ieee.org/document/7808495/},
    isbn = {978-1-4799-8287-5},
    doi = {10.1109/ICSENS.2016.7808495},
    keywords = {Fiber Optic Sensor, Mine Field weight detection monitoring, Optical fiber cables, Optical fiber dispersion, Optical fiber sensors, Optical fibers, Telecommunication traffic, Weigh-In-Motion, automated vehicle detection, fiber bending, military communication, military war zones, optical cables, optical fiber communication, optical fiber networks, optical fibre communication, phase shift, surveillance system, traffic monitoring, vehicles}
}

@inproceedings{cho_automatic_2016,
    title = {{Automatic parking system using background subtraction with CCTV environment international conference on control, automation and systems (ICCAS 2016)}},
    year = {2016},
    booktitle = {2016 16th International Conference on Control, Automation and Systems (ICCAS)},
    author = {Cho, Jungseok and Park, Jinrak and Baek, Untae and Hwang, Donghyun and Choi, Seibum and Kim, Soohyun and Kim, Kyungsoo},
    pages = {1649--1652},
    url = {http://ieeexplore.ieee.org/document/7832520/},
    isbn = {978-89-93215-11-3},
    doi = {10.1109/ICCAS.2016.7832520},
    keywords = {Autonomous Navigation, Road vehicles, Unmanned Ground Vehicles, advanced driver assistance systems, attitude detection, automatic parking approach, automatic parking system, background subtraction, central process computer, closed circuit television, communication method, driver information systems, external cameras, parking space detection, surveillance camera, traffic control, ultrasonic sensors, vehicle position detection, vehicular ad hoc networks, video surveillance, {\{}ADAS{\}}, {\{}CCTV{\}} environment, {\{}MOTION{\}} and Path Planning}
}

@inproceedings{wu_automotive_2009,
    title = {{Automotive SAR for parking lot detection}},
    year = {2009},
    booktitle = {German Microwave Conference, GeMIC 2009},
    author = {Wu, Huaming and Zwick, Thomas},
    pages = {1--8},
    isbn = {9783981266801},
    doi = {10.1109/GEMIC.2009.4815910},
    issn = {2167-8022},
    keywords = {Automotive engineering, Hardware, Layout, Matlab simulator, Radar antennas, Radar applications, Signal processing algorithms, automotive {\{}SAR{\}}, motion compensation, motion compensation algorithm, parking scene images, radar based parking lot detection system, radar detection, synthetic aperture radar, synthetic aperture radar algorithm, vehicle motion, vehicles}
}

@inproceedings{kim_autonomous_2012,
    title = {{Autonomous Vehicle Detection System using Visible and Infrared Camera}},
    year = {2012},
    booktitle = {Proc. International Conference on Control, Automation and Systems},
    author = {Kim, Jisu and Hong, Sungjun and Baek, Jeonghyun and Kim, Euntai and Lee, Heejin},
    pages = {630--634},
    isbn = {9788993215045},
    issn = {15987833},
    keywords = {gabor feature, histogram of oriented gradient, ngp edge, support vector machine, vehicle detection}
}

@article{8,
    title = {{CrowdPark: A crowdsourcing-based parking reservation system for mobile phones}},
    year = {2011},
    journal = {University of Massachusetts at Amherst Tech. Report, 2011},
    author = {Yan, Tingxin and Hoh, B and Ganesan, D},
    pages = {1--14},
    url = {http://lass.cs.umass.edu/~yan/pubs/yan11CrowdPark.pdf%5Cnhttp://scholar.google.com/scholar?hl=en&btnG=Search&q=intitle:CrowdPark:+A+crowdsourcing-based+parking+reservation+system+for+mobile+phones#0},
    isbn = {9781450316255},
    doi = {10.1145/2386958.2386960}
}

@article{1,
    title = {{Crowdsensing smart city parking monitoring}},
    year = {2016},
    journal = {IEEE World Forum on Internet of Things, WF-IoT 2015 - Proceedings},
    author = {Villanueva, Felix Jesus and Villa, David and Santofimia, Maria Jose and Barba, Jesus and Lopez, Juan Carlos},
    pages = {751--756},
    isbn = {9781509003655},
    doi = {10.1109/WF-IoT.2015.7389148},
    keywords = {Crowdsensing, Smart City, magnetometer, parking problem, smart phone sensors}
}

@article{9,
    title = {{Crowdsourcing for on-street smart parking}},
    year = {2012},
    journal = {Proceedings of the second ACM international symposium on Design and analysis of intelligent vehicular networks and applications - DIVANet '12},
    author = {Chen, Xiao and Santos-Neto, Elizeu and Ripeanu, Matei},
    pages = {1},
    url = {http://dl.acm.org/citation.cfm?doid=2386958.2386960},
    isbn = {9781450316255},
    doi = {10.1145/2386958.2386960},
    keywords = {collaborative sensing, mobile crowdsourcing, smart parking}
}

@misc{28,
    title = {{data.gov.ie — Ireland's open data portal}}
}

@article{amato_deep_2017,
    title = {{Deep learning for decentralized parking lot occupancy detection}},
    year = {2017},
    journal = {Expert Systems with Applications},
    author = {Amato, Giuseppe and Carrara, Fabio and Falchi, Fabrizio and Gennaro, Claudio and Meghini, Carlo and Vairo, Claudio},
    pages = {327--334},
    volume = {72},
    url = {http://linkinghub.elsevier.com/retrieve/pii/S095741741630598X},
    doi = {10.1016/j.eswa.2016.10.055},
    issn = {09574174}
}

@article{4,
    title = {{Delay-tolerant stochastic algorithms for parking space assignment}},
    year = {2014},
    journal = {IEEE Transactions on Intelligent Transportation Systems},
    author = {Schlote, Arieh and King, Christopher and Crisostomi, Emanuele and Shorten, Robert},
    number = {5},
    pages = {1922--1935},
    volume = {15},
    isbn = {9781467301831},
    doi = {10.1109/TITS.2014.2304356},
    issn = {15249050},
    keywords = {Delay systems, parking, stochastic assignment strategies}
}

@article{5,
    title = {{Design considerations for a wireless sensor network for locating parking spaces}},
    year = {2007},
    journal = {Conference Proceedings - IEEE SOUTHEASTCON},
    author = {Boda, Vamsee K. and Nasipuri, Asis and Howitt, Ivan},
    pages = {698--703},
    isbn = {1424410290},
    doi = {10.1109/SECON.2007.342990},
    issn = {07347502}
}

@inproceedings{lirong_design_2015,
    title = {{Design of intelligent infrared vehicle detect system based on ZigBee}},
    year = {2016},
    booktitle = {Proceedings - 2015 Chinese Automation Congress, CAC 2015},
    author = {Lirong, Li and Yunmei, Zhang and Shanshan, Lv and Ye, Chen and Tianqi, Liu and Xinyuan, Xu},
    pages = {1845--1849},
    isbn = {9781467371896},
    doi = {10.1109/CAC.2015.7382804},
    keywords = {infrared light curtain, vehicle detect system, zigbee wireless network}
}

@inproceedings{mei_detection_2015,
    title = {{Detection and motion planning for roadside parked vehicles at long distance}},
    year = {2015},
    booktitle = {IEEE Intelligent Vehicles Symposium, Proceedings},
    author = {Mei, Xue and Nagasaka, Naoki and Okumura, Bunyo and Prokhorov, Danil},
    pages = {412--418},
    volume = {2015-Augus},
    isbn = {9781467372664},
    doi = {10.1109/IVS.2015.7225720},
    keywords = {Laser radar, Planning, Road vehicles, Roads, Trajectory, braking, comfortable speed, decision making, false alarms, hard brake, host vehicle, intelligent vehicles, lane center, missing detections, motion control, motion planning, multiple path candiyears, path planner, proper driving trajectory, radar detection, reliable long distance obstacle detection, road safety, roadside parked vehicles, safe speed, speed control, sudden large lateral movement, trajectory control, vehicles, velocity control}
}

@inproceedings{dube_detection_2014,
    title = {{Detection of parked vehicles from a radar based occupancy grid}},
    year = {2014},
    booktitle = {IEEE Intelligent Vehicles Symposium, Proceedings},
    author = {Dube, Renaud and Hahn, Markus and Schutz, Markus and Dickmann, Jurgen and Gingras, Denis},
    pages = {1415--1420},
    isbn = {9781479936380},
    doi = {10.1109/IVS.2014.6856568},
    keywords = {Training, Trajectory, Vegetation, autonomous parking, computer vision, object detection, parked vehicle detection, radar based occupancy grid, radar detection, random forest classifiers, sensors, traffic information systems, vehicles}
}

@article{3,
    title = {{Detection of street-parking vehicles using line scan camera and scanning laser range sensor}},
    year = {2003},
    journal = {IEEE Intelligent Vehicles Symposium, Proceedings},
    author = {Hirahara, Kiyotaka and Ikeuchi, Katsushi},
    pages = {656--661},
    isbn = {0780378482},
    doi = {10.1109/IVS.2003.1212990}
}

@inproceedings{dokur_embedded_2016,
    title = {{Embedded system design of a real-time parking guidance system}},
    year = {2016},
    booktitle = {2016 Annual IEEE Systems Conference (SysCon)},
    author = {Dokur, Omkar and Katkoori, Srinivas and Elmehraz, Nouredddine},
    pages = {1--8},
    url = {http://ieeexplore.ieee.org/document/7490653/},
    isbn = {978-1-4673-9519-9},
    doi = {10.1109/SYSCON.2016.7490653},
    keywords = {Acoustics, Arduino, Arduino-based embedded system, Cameras, Microwave sensors, Reliability, Richard Beard Garage, Space availability, University of South Florida, airports, automobiles, camera, detection logic, embedded system design, embedded systems, infrared sensors, object detection, parking garage, real-time parking guidance system, shopping malls, temperature sensor, temperature sensors, traffic control, ultrasonic sensor, universities, vehicle detection, vehicles}
}

@inproceedings{simate2013evaluation,
    title = {{Evaluation of mobile network security}},
    year = {2013},
    booktitle = {Information Science, Computing and Telecommunications (PACT), 2013 Pan African International Conference on},
    author = {Simate, Zilole},
    pages = {170--175},
    organization = {IEEE}
}

@article{fortin_feature_2012,
    title = {{Feature Extraction in Scanning Laser Range Data Using Invariant Parameters: Application to Vehicle Detection}},
    shorttitle = {Feature Extraction in Scanning Laser Range Data Us},
    year = {2012},
    journal = {IEEE Transactions on Vehicular Technology},
    author = {Fortin, B. and Lherbier, Regis and Noyer, J-C},
    number = {9},
    pages = {3838--3850},
    volume = {61},
    url = {http://ieeexplore.ieee.org/lpdocs/epic03/wrapper.htm?arnumber=6259918},
    doi = {10.1109/TVT.2012.2211630},
    issn = {0018-9545},
    keywords = {Cartesian coordinates, Laser modes, Laser radar, Lidar, Measurement by laser beam, Noise, Noise measurement, feature extraction, feature extraction method, image segmentation, interscan distance, invariant parameters, laser measurements, line extraction, line-segment detection, measurement noise statistics, natural coordinates, object detection, scanning laser range data, segmentation, sensor intrinsic parameters, traffic engineering computing, vehicle detection, vehicles}
}

@book{dsrc,
    title = {{Geographic Information Systems for Transportation}},
    year = {2001},
    author = {Miller, Harvey J and Shaw, Shih-Lung},
    publisher = {Oxford University Press}
}

@misc{23,
    title = {{Google {\{}Trends{\}}}},
    booktitle = {Google Trends},
    url = {https://www.google.ie/trends/explore?q=autonomous vehicles}
}

@misc{25,
    title = {{Google {\{}Trends{\}}}},
    booktitle = {Google Trends},
    url = {https://www.google.ie/trends/explore?q=smart parking}
}

@inproceedings{mainetti_integration_2014,
    title = {{Integration of RFID and WSN Technologies in a Smart Parking System}},
    booktitle = {2014 22nd International Conference on Software, Telecommunications and Computer Networks ({\{}SoftCOM{\}})},
    author = {Mainetti, L and Palano, L and Patrono, L and Stefanizzi, M L and Vergallo, R},
    pages = {104--110},
    isbn = {978-9-5329-0052-1},
    doi = {10.1109/SOFTCOM.2014.7039099},
    keywords = {and wsn, can operate solely under, identification in small areas, integration, nfc, of this solution limited, region, rfid, smart parking, the fact that tags, the integration of rfid, the reader coverage, thus making the use, to object, wsn}
}

@article{19,
    title = {{Is the Curb 80{\{}{\%}{\}} Full or 20{\{}{\%}{\}} Empty? Assessing the Impacts of San Francisco's Parking Pricing Experiment}},
    year = {2013},
    journal = {SSRN Electronic Journal},
    author = {Millard-Ball, Adam and Weinberger, Rachel R and Hampshire, Robert Cornelius},
    url = {http://papers.ssrn.com/abstract=2338230},
    doi = {10.2139/ssrn.2338230},
    issn = {1556-5068}
}

@misc{26,
    title = {{Mobile {\{}Parking{\}} by {\{}Payzone{\}} {\{}{\textbackslash}textbar{\}} {\{}Parking{\}} {\{}Tag{\}}}},
    url = {https://parkingtag.ie/}
}

@inproceedings{loeffler_parking_2015,
    title = {{Parking lot measurement with 24 GHz short range automotive radar}},
    year = {2015},
    booktitle = {Proceedings International Radar Symposium},
    author = {Loeffler, Andreas and Ronczka, Julian and Fechner, Thomas},
    pages = {137--142},
    volume = {2015-Augus},
    isbn = {9783954048533},
    doi = {10.1109/IRS.2015.7226254},
    issn = {21555753},
    keywords = {Acoustics, Current measurement, Dempster-Shafer theory, Optical sensors, Pollution measurement, Radar, automotive radar, parking lot detection, parking lot measurement, radar sensors, road vehicle radar, vehicle surroundings, vehicles}
}

@article{17,
    title = {{Platooning of autonomous vehicles with intervehicle communications in SUMO traffic simulator}},
    year = {2010},
    journal = {IEEE Conference on Intelligent Transportation Systems, Proceedings, ITSC},
    author = {Fernandes, Pedro and Nunes, Urbano},
    pages = {1313--1318},
    isbn = {9781424476572},
    doi = {10.1109/ITSC.2010.5625277},
    issn = {2153-0009}
}

@article{shirbhate2012providing,
    title = {{Providing security challenges in 4g systems}},
    year = {2012},
    journal = {Bioinfo Security Informatics},
    author = {Shirbhate, Dhiraj D and Kale, A R},
    number = {1},
    volume = {2}
}

@article{14,
    title = {{Rapid generation of realistic mobility models for VANET}},
    year = {2007},
    journal = {IEEE Wireless Communications and Networking Conference, WCNC},
    author = {Karnadi, Feliz Kristianto and Mo, Zhi Hai and Lan, Kun Chan},
    pages = {2508--2513},
    isbn = {1424406595},
    doi = {10.1109/WCNC.2007.467},
    issn = {15253511},
    keywords = {Mobility, Simulation, VANET}
}

@inproceedings{verroios2011reaching,
    title = {{Reaching available public parking spaces in urban environments using ad hoc networking}},
    year = {2011},
    booktitle = {Mobile Data Management (MDM), 2011 12th IEEE International Conference on},
    author = {Verroios, Vasilis and Efstathiou, Vasilis and Delis, Alex},
    pages = {141--151},
    volume = {1},
    organization = {IEEE}
}

@inproceedings{xu_real-time_2013,
    title = {{Real-time street parking availability estimation}},
    year = {2013},
    booktitle = {Proceedings - IEEE International Conference on Mobile Data Management},
    author = {Xu, Bo and Wolfson, Ouri and Yang, Jie and Stenneth, Leon and Yu, Philip S. and Nelson, Peter C.},
    pages = {16--25},
    volume = {1},
    isbn = {978-0-7695-4973-6},
    doi = {10.1109/MDM.2013.12},
    issn = {15516245},
    keywords = {GPS, Kalman Filter, activity recognition, bluetooth, mobile phones, parking, transportation mode}
}

@article{SUMO2012,
    title = {{Recent Development and Applications of {\{}SUMO - Simulation of Urban MObility{\}}}},
    year = {2012},
    journal = {International Journal On Advances in Systems and Measurements},
    author = {Krajzewicz, Daniel and Erdmann, Jakob and Behrisch, Michael and Bieker, Laura},
    number = {3},
    month = {12},
    pages = {128--138},
    volume = {5},
    url = {http://elib.dlr.de/80483/},
    isbn = {9781612081694},
    issn = {1942-261x},
    keywords = {microscopic traffic simulation, open source, traffic management}
}

@inproceedings{wu_research_2016,
    title = {{Research and Implementation of Auto Parking System Based on Ultrasonic Sensors}},
    year = {2016},
    booktitle = {the IEEE International Conference on Advanced Materials for Science and Engineering IEEE-ICAMSE 2016},
    author = {Wu, Ter-feng and Tsai, Pu-sheng and Hu, Nien-tsu and Chen, Jen-yang},
    pages = {643--645},
    isbn = {9781509038695},
    doi = {10.1109/ICAMSE.2016.7840267},
    keywords = {automatic parking, pwm signal, sensor, servo motor, ultrasonic, wheeled mobile robot}
}

@misc{12,
    title = {{San Francisco Park (SFPark)}},
    year = {2011},
    author = {{SFMTA}},
    url = {http://sfpark.org/}
}

@article{yan_security_2013,
    title = {{Security challenges in vehicular cloud computing}},
    year = {2013},
    journal = {IEEE Transactions on Intelligent Transportation Systems},
    author = {Yan, G and Wen, D and Olariu, S and Weigle, M C},
    number = {1},
    month = {3},
    pages = {284--294},
    volume = {14},
    doi = {10.1109/TITS.2012.2211870},
    issn = {1524-9050},
    keywords = {Accidents, Challenge analysis, Internet connectivity, Privacy, Radar, Safety, Security, cloud computing, data privacy, nontrivial extension, privacy issues, security challenges, security issues, security of data, short-range communications, societal impact, underutilized vehicular resources, vehicles, vehicular ad hoc networks, vehicular cloud, vehicular cloud computing}
}

@article{10,
    title = {{Security in vehicular ad hoc networks}},
    year = {2008},
    journal = {IEEE Communications Magazine},
    author = {{Xiaodong Lin} and {Rongxing Lu} and {Chenxi Zhang} and {Haojin Zhu} and {Pin-Han Ho} and {Xuemin Shen}},
    number = {4},
    pages = {88--95},
    volume = {46},
    url = {http://ieeexplore.ieee.org/lpdocs/epic03/wrapper.htm?arnumber=4481346},
    doi = {10.1109/MCOM.2008.4481346},
    issn = {0163-6804},
    keywords = {Ad hoc networks, Automotive electronics, Communication standards, Elliptic curve cryptography, Privacy, Road accidents, Road vehicles, Security, Wireless application protocol, Wireless communication, ad hoc networks, certificate revocation, conditional privacy preservation, data privacy, driver privacy, infotainment dissemination, road safety, security attacks, telecommunication security, traffic management, vehicular ad hoc networks, vehicular communication networking, wireless access in vehicular environments}
}

@inproceedings{ucar_security_2016,
    title = {{Security vulnerabilities of {\{}IEEE{\}} 802.11p and visible light communication based platoon}},
    year = {2016},
    booktitle = {2016 {\{}IEEE{\}} {\{}Vehicular{\}} {\{}Networking{\}} {\{}Conference{\}} ({\{}VNC{\}})},
    author = {Ucar, S and Ergen, S C and Ozkasap, O},
    month = {12},
    pages = {1--4},
    doi = {10.1109/VNC.2016.7835972},
    keywords = {Acceleration, Autonomous vehicles, IEEE 802.11p, Radio frequency, Safety, Security, Stability analysis, free-space optical communication, intelligent transportation systems, packet falsification, replay attacks, security vulnerabilities, telecommunication security, vehicular ad hoc networks, vehicular platoon control, visible light communication based platoon, wireless LAN}
}

@inproceedings{mutiara_sensor_2015,
    title = {{Sensor comparation for smart parking system}},
    year = {2016},
    booktitle = {Proceeding of 2015 1st International Conference on Wireless and Telematics, ICWT 2015},
    author = {Mutiara, Giva Andriana and Agung, Anak Agung Gde and Handayani, Rini},
    pages = {1--6},
    isbn = {9781467384339},
    doi = {10.1109/ICWT.2015.7449211},
    keywords = {CT-SL110, HC-SR04, Parallax PING, Sharp GP2Y0A02YK0F, parking}
}

@misc{18,
    title = {{Smart Parking}},
    year = {2011},
    booktitle = {Technical Guide},
    author = {{Robert C. Hampshire}},
    url = {http://eldigital.bcn.cat/es/barcelona-despliega-el-primer-smart-parking-en-las-corts_107139.html},
    issn = {00249114}
}

@misc{18b,
    title = {{Smart Parking}},
    year = {2011},
    booktitle = {Technical Guide},
    author = {{Robert C. Hampshire}},
    url = {http://eldigital.bcn.cat/es/barcelona-despliega-el-primer-smart-parking-en-las-corts_107139.html},
    issn = {00249114}
}

@article{7,
    title = {{Smart parking : Network, infrastructure and urban service. Networking and Internet Architecture}},
    year = {2016},
    journal = {INSA Lyon},
    author = {Lin, Trista},
    pages = {127},
    url = {https://hal.archives-ouvertes.fr/tel-01249062/},
    doi = {tel-01249062v2},
    keywords = {Parking intelligent, Smart parking, diffusion d'information, information dissemination, mobilit{\'{e}} urbaine, parking sensor network, publish-subscribe, r{\'{e}}seaux de capteurs, r{\'{e}}seaux v{\'{e}}hiculaires, service urbain, urban mobility, urban service, vehicular network}
}

@inproceedings{pala_smart_2007,
    title = {{Smart parking applications using RFID technology}},
    year = {2007},
    booktitle = {RFID Eurasia, 2007 1st Annual},
    author = {Pala, Zeydin and Inanc, N},
    pages = {1--3},
    url = {http://ieeexplore.ieee.org/xpls/abs_all.jsp?arnumber=4368108},
    isbn = {978-975-01566-0-1},
    doi = {10.1109/RFIDEURASIA.2007.4368108},
    keywords = {Automatic control, Automation, Control systems, Costs, Databases, Intelligent sensors, Parking-Lot, Personnel, Radiofrequency identification, Technology management, automized income tracking system, parking-car tracking system, parking-lot management system, radio frequency identification, smart parking, traffic engineering computing, vehicles, {\{}RFID{\}}, {\{}RFID{\}} technology}
}

@inproceedings{joshi_smart_2015,
    title = {{Smart parking management system using RFID and OCR}},
    year = {2016},
    booktitle = {International Conference on Energy Systems and Applications, ICESA 2015},
    author = {Joshi, Yadnesh and Gharate, Pratik and Ahire, Chetan and Alai, Nikhil and Sonavane, Samadhan},
    pages = {729--734},
    isbn = {9781467368179},
    doi = {10.1109/ICESA.2015.7503445},
    keywords = {Java, OCR, Operating System, Platform Independent, RFID, Smart Cities}
}

@inproceedings{lee_smart_2016,
    title = {{Smart parking system for Internet of Things}},
    year = {2016},
    booktitle = {2016 IEEE International Conference on Consumer Electronics, ICCE 2016},
    author = {Lee, Chungsan and Han, Youngtak and Jeon, Soobin and Seo, Dongmahn and Jung, Inbum},
    pages = {263--264},
    isbn = {9781467383646},
    doi = {10.1109/ICCE.2016.7430607},
    keywords = {Acoustics, Bluetooth, Bluetooth low energy, Internet of Things, Magnetic sensors, Radiofrequency identification, Servers, automobiles, consumer vehicle parked location detection, consumer vehicle parked location finding, indoor parking field, magnetic sensor, object detection, outdoor parking field, parking lot, smart parking system, ultrasonic sensor, ultrasonic transducers, vehicle location service, vehicles, wireless sensor motes, wireless sensor networks, {\{}BLE{\}}}
}

@inproceedings{yan_smartparking:_2008,
    title = {{SmartParking: A secure and intelligent parking system using NOTICE}},
    shorttitle = {SmartParking},
    year = {2008},
    booktitle = {IEEE Conference on Intelligent Transportation Systems, Proceedings, ITSC},
    author = {Yan, Gongjun and Olariu, Stephan and Weigle, Michele C. and Abuelela, Mahmoud},
    pages = {569--574},
    isbn = {978-1-4244-2111-4},
    doi = {10.1109/ITSC.2008.4732702},
    issn = {1939-1390},
    keywords = {Cities and towns, Driver circuits, Information security, Intelligent systems, Magnetic sensors, Privacy, Sensor systems, Space technology, data privacy, hardware-software codesign, hardware/software architecture, innovative parking systems, intelligent transportation systems, near-term parking demand, privacy-aware architecture, privacy-aware parking system, security of data, security/privacy attacks, service-oriented intelligent parking system, software architecture, traffic engineering computing, traffic incidents, vehicle detection, {\{}NOTICE{\}}, {\{}SmartParking{\}}}
}

@article{guilbert_state_2016,
    title = {{State Machine for Detecting Vehicles by Magnetometer Sensors}},
    year = {2016},
    journal = {IEEE Sensors Journal},
    author = {Guilbert, David and Le Bastard, Cédric and Ieng, Sio Song and Wang, Yide},
    number = {13},
    pages = {5127--5128},
    volume = {16},
    doi = {10.1109/JSEN.2016.2560903},
    issn = {1530437X},
    keywords = {Magnetometer, detection, wireless sensors}
}

@misc{21,
    title = {{Summon {\{}Your{\}} {\{}Tesla{\}} from {\{}Your{\}} {\{}Phone{\}}}},
    year = {2016},
    month = {1},
    url = {https://www.tesla.com/blog/summon-your-tesla-your-phone}
}

@inproceedings{behrisch2011sumo,
    title = {{SUMO--simulation of urban mobility: an overview}},
    year = {2011},
    booktitle = {Proceedings of SIMUL 2011, The Third International Conference on Advances in System Simulation},
    author = {Behrisch, Michael and Bieker, Laura and Erdmann, Jakob and Krajzewicz, Daniel},
    organization = {ThinkMind}
}

@article{15,
    title = {{TraNS}},
    year = {2008},
    journal = {ACM SIGMOBILE Mobile Computing and Communications Review},
    author = {Pi{\'{o}}rkowski, M. and Raya, M. and Lugo, A. Lezama and Papadimitratos, P. and Grossglauser, M. and Hubaux, J.-P.},
    number = {1},
    pages = {31},
    volume = {12},
    url = {http://portal.acm.org/citation.cfm?doid=1374512.1374522},
    doi = {10.1145/1374512.1374522},
    issn = {15591662}
}

@misc{27,
    title = {{Traveling {\{}Salesman{\}} {\{}Problem{\}} {\{}{\textbackslash}textbar{\}} {\{}Optimization{\}}}},
    booktitle = {Google Developers},
    url = {https://developers.google.com/optimization/routing/tsp}
}

@article{16,
    title = {{Vanet simulation environment with feedback loop and its application to traffic light assistance}},
    year = {2008},
    journal = {2008 IEEE Globecom Workshops, GLOBECOM 2008},
    author = {Wegener, Axel and Hellbr{\"{u}}ck, Horst and Wewetzer, Christian and L{\"{u}}bke, Andreas},
    isbn = {9781424430628},
    doi = {10.1109/GLOCOMW.2008.ECP.67}
}

@article{11,
    title = {{VANET-based approach for parking space availability}},
    year = {2007},
    journal = {Proceedings of the fourth {\ldots}},
    author = {Panayappan, Ramu and Trivedi, Jm},
    pages = {75--76},
    url = {http://dl.acm.org/citation.cfm?id=1287763},
    isbn = {9781595937391},
    doi = {10.1145/1287748.1287763},
    keywords = {occupancy matrix, occupancy probability, parking, vanet}
}

@inproceedings{george_vehicle_2013,
    title = {{Vehicle Detection and Classification From Acoustic Signal Using ANN and KNN}},
    year = {2013},
    booktitle = {International Conference on Control Communication and Computing (ICCC)},
    author = {George, Jobin and Mary, Leena and Riyas, K S},
    number = {Iccc},
    pages = {436--439},
    isbn = {9781479905751},
    doi = {10.1109/ICCC.2013.6731694},
    keywords = {acoustic identification, frequency analysis, principal components, sound signature, vehicle detection, wireless sensor network}
}

@inproceedings{cho_vehicle_2015,
    title = {{Vehicle detection and classification in the Scala sensor by using binary classification}},
    year = {2015},
    booktitle = {2015 15th International Conference on Control, Automation and Systems (ICCAS)},
    author = {Cho, Minho and Choi, Baehoon and An, Jhonghyun and Kim, Euntai},
    pages = {2022--2025},
    url = {http://ieeexplore.ieee.org/document/7364700/},
    isbn = {978-8-9932-1508-3},
    doi = {10.1109/ICCAS.2015.7364700},
    keywords = {Robots, Scala 1403, Scala sensor, Support vector machines, binary classification, classification, image classification, image sensors, intelligent transportation systems, laser scanner, multiple vehicle classification, multiple vehicle detection, optical scanners, vehicle detection, vehicle mounted laser scanner, vehicles}
}

@inproceedings{oudat_vehicle_2015,
    title = {{Vehicle Detection and Classification Using Passive Infrared Sensing}},
    year = {2015},
    booktitle = {2015 IEEE 12th International Conference on Mobile Ad Hoc and Sensor Systems},
    author = {Oudat, Enas and Mousa, Mustafa and Claudel, Christian},
    pages = {443--444},
    url = {http://ieeexplore.ieee.org/document/7366960/},
    isbn = {978-1-4673-9101-6},
    doi = {10.1109/MASS.2015.62},
    keywords = {Acoustics, Ash, Flash flood, Monitoring, Temperature measurement, computerised monitoring, distance measurement, infrared detectors, marine engineering, passive infrared sensing, pattern classification, speed estimation, temperature sensors, traffic congestion monitoring, traffic control, traffic flow sensing device, ultrasonic measurement, ultrasonic rangefinder, urban water level monitoring, vehicle classification, vehicle detection, vehicles, wireless sensor networks}
}

@inproceedings{atiq_vehicle_2010,
    title = {{Vehicle Detection and Shape Recognition Using Optical Sensors: A Review}},
    shorttitle = {Vehicle Detection and Shape Recognition Using Opti},
    year = {2010},
    booktitle = {International Conference on Machine Learning and Computing},
    author = {Atiq, Hafiz Muhammad and Farooq, Umar and Ibrahim, Rabbia and Khalid, Oneeza and Amar, Muhammad},
    pages = {223--227},
    url = {http://ieeexplore.ieee.org/xpl/freeabs_all.jsp?arnumber=5460737},
    isbn = {978-1-4244-6006-9},
    doi = {10.1109/ICMLC.2010.73},
    keywords = {-traffic management, detetction, optical sensors, shape recognition, vehicle}
}

@inproceedings{chellappa_vehicle_2004,
    title = {{Vehicle detection and tracking using acoustic and video sensors}},
    year = {2004},
    booktitle = {2004 IEEE International Conference on Acoustics, Speech, and Signal Processing},
    author = {Chellappa, R. and Qian, Gang Qian Gang and Zheng, Qinfen Zheng Qinfen},
    number = {4},
    pages = {793--796},
    volume = {3},
    url = {http://ieeexplore.ieee.org/lpdocs/epic03/wrapper.htm?arnumber=1326664},
    isbn = {0-7803-8484-9},
    doi = {10.1109/ICASSP.2004.1326664},
    issn = {1520-6149},
    keywords = {Direction of arrival estimation, Markov chain Monte Carlo techniques, Markov processes, Monte Carlo methods, Multimodal sensors, Phase detection, Speech recognition, acoustic sensors, acoustic signal detection, acoustic signal processing, audio signal processing, audio-visual systems, beam-forming techniques, direction-of-arrival estimation, empirical posterior probability density functions, joint audio-visual tracking, moving target detection, multimodal sensing, object detection, optical tracking, probability, sensor fusion, sensor fusion framework, surveillance, surveillance applications, target tracking, vehicle detection, vehicle tracking, video sensors, video signal processing, {\{}DOA{\}} estimation}
}

@misc{29,
    title = {{{\{}NRA{\}} {\{}Traffic{\}} {\{}Live{\}} {\{}Data{\}}}},
    url = {https://www.nratrafficdata.ie/c2/gmapbasic.asp?sgid=ZvyVmXU8jBt9PJE$c7UXt6}
}

@article{Guille2009AImplementation,
    title = {{A conceptual framework for the vehicle-to-grid (V2G) implementation}},
    year = {2009},
    journal = {Energy Policy},
    author = {Guille, Christophe and Gross, George},
    number = {11},
    pages = {4379--4390},
    volume = {37},
    publisher = {Elsevier},
    url = {http://dx.doi.org/10.1016/j.enpol.2009.05.053},
    isbn = {0301-4215},
    doi = {10.1016/j.enpol.2009.05.053},
    issn = {03014215},
    pmid = {7607512},
    keywords = {Electric vehicles, Power systems, Smart grid}
}

@article{Whaiduzzaman2014AComputing,
    title = {{A survey on vehicular cloud computing}},
    year = {2014},
    journal = {Journal of Network and Computer Applications},
    author = {Whaiduzzaman, Md and Sookhak, Mehdi and Gani, Abdullah and Buyya, Rajkumar},
    number = {1},
    pages = {325--344},
    volume = {40},
    publisher = {Elsevier},
    url = {http://dx.doi.org/10.1016/j.jnca.2013.08.004},
    isbn = {10848045},
    doi = {10.1016/j.jnca.2013.08.004},
    issn = {10958592},
    keywords = {Cloud computing, Intelligent transportation systems, Road vehicle control, Vehicular cloud computing, Vehicular networks}
}

@misc{AccelerometerPhones,
    title = {{Accelerometer Features in Mobile Phones}},
    url = {http://www.gsmarena.com/glossary.php3?term=sensors}
}

@article{Na2009AcousticSystem,
    title = {{Acoustic sensor network-based parking lot surveillance system}},
    year = {2009},
    journal = {Lecture Notes in Computer Science (including subseries Lecture Notes in Artificial Intelligence and Lecture Notes in Bioinformatics)},
    author = {Na, Keewook and Kim, Yungeun and Cha, Hojung},
    pages = {247--262},
    volume = {5432 LNCS},
    url = {http://download.springer.com/static/pdf/289/chp%253A10.1007%252F978-3-642-00224-3_16.pdf?originUrl=http%3A%2F%2Flink.springer.com%2Fchapter%2F10.1007%2F978-3-642-00224-3_16&token2=exp=1494443007~acl=%2Fstatic%2Fpdf%2F289%2Fchp%25253A10.1007%25252F978-3-64},
    isbn = {0302-9743},
    doi = {10.1007/978-3-642-00224-3{\_}16},
    issn = {03029743},
    keywords = {Acoustic source localization, Parking-lot surveillance system, Wireless sensor networks}
}

@article{Brezmes2009ActivityPhone,
    title = {{Activity recognition from accelerometer data on a mobile phone}},
    year = {2009},
    journal = {Lecture Notes in Computer Science (including subseries Lecture Notes in Artificial Intelligence and Lecture Notes in Bioinformatics)},
    author = {Brezmes, Tomas and Gorricho, Juan Luis and Cotrina, Josep},
    number = {PART 2},
    pages = {796--799},
    volume = {5518 LNCS},
    isbn = {3642024807},
    doi = {10.1007/978-3-642-02481-8{\_}120},
    issn = {03029743},
    keywords = {Accelerometer, Human movement's detection, Pattern recognition}
}

@misc{Milanes2012AnSystem,
    title = {{An intelligent V2I-based traffic management system}},
    year = {2012},
    booktitle = {IEEE Transactions on Intelligent Transportation Systems},
    author = {Milan{\'{e}}s, Vicente and Villagr{\'{a}}, Jorge and Godoy, Jorge and Sim{\'{o}}, Javier and P{\'{e}}rez, Joshué and Onieva, Enrique},
    number = {1},
    pages = {49--58},
    volume = {13},
    url = {http://ieeexplore.ieee.org/xpl/articleDetails.jsp?arnumber=1443594},
    isbn = {1524-9050 VO - 13},
    doi = {10.1109/TITS.2011.2178839},
    issn = {15249050},
    keywords = {Data communication, road vehicles, traffic control, traffic management, vehicle-to-infrastructure (V2I) communication}
}

@article{Want2006AnRFID,
    title = {{An Introduction to RFID}},
    year = {2006},
    journal = {IEEE CS and IEEE ComSoc},
    author = {Want, Roy},
    pages = {25--33}
}

@article{Varga2008ANENVIRONMENT,
    title = {{AN OVERVIEW OF THE OMNeT++ SIMULATION ENVIRONMENT}},
    year = {2008},
    journal = {Proceedings of the First International ICST Conference on Simulation Tools and Techniques for Communications Networks and Systems},
    author = {Varga, András and Hornig, Rudolf},
    url = {http://eudl.eu/doi/10.4108/ICST.SIMUTOOLS2008.3027},
    isbn = {978-963-9799-23-3},
    doi = {10.4108/ICST.SIMUTOOLS2008.3027}
}

@misc{2017ANPRSmartParking,
    title = {{ANPR SmartParking}},
    year = {2017},
    booktitle = {SmartParking Limited},
    url = {https://www.smartparking.com/automatic-number-plate-recognition-anpr}
}

@article{2008Bay-SpecificCentre,
    title = {{Bay-Specific Parking Guidance Information System Installed At Dundrum Town Centre}},
    year = {2008},
    journal = {N/A},
    pages = {5185},
    url = {http://www.agkdisplays.com/wordpress/wp-content/uploads/2013/02/Dundrum-Article.pdf}
}

@misc{Venkatakrishnan2012BayesianStem,
    title = {{Bayesian Tomographic Reconstruction for High Angle Annular Dark Field (Haadf) Scanning Transmission Electron Microscop Y (Stem)}},
    year = {2012},
    booktitle = {2012 Ieee Statistical Signal Processing Workshop},
    author = {Venkatakrishnan, S and Drummy, L and Jackson, M and De Graef, M and Simmons, J and Bouman, C and {Ieee}},
    number = {1},
    pages = {680--683},
    volume = {51},
    isbn = {978-1-4673-0183-1},
    doi = {1536-1268/06},
    issn = {0018-9448},
    keywords = {Bayesian methods, Electron tomography, dark-field}
}

@misc{Venkatakrishnan2012BayesianSTEMb,
    title = {{Bayesian tomographic reconstruction for high angle annular dark field (HAADF) scanning transmission electron microscopy (STEM)}},
    year = {2012},
    booktitle = {2012 IEEE Statistical Signal Processing Workshop, SSP 2012},
    author = {Venkatakrishnan, Singanallur and Drummy, Lawrence and Jackson, Michael and De Graef, Marc and Simmons, Jeff and Bouman, Charles},
    number = {1},
    pages = {680--683},
    volume = {51},
    url = {http://ieeexplore.ieee.org/xpl/articleDetails.jsp?arnumber=1443594},
    isbn = {9781467301831},
    doi = {10.1109/SSP.2012.6319793},
    issn = {0018-9448},
    keywords = {Bayesian, Electron tomography, dark-field, methods}
}

@misc{Venkatakrishnan2012BayesianSTEMc,
    title = {{Bayesian tomographic reconstruction for high angle annular dark field (HAADF) scanning transmission electron microscopy (STEM)}},
    year = {2012},
    booktitle = {2012 IEEE Statistical Signal Processing Workshop, SSP 2012},
    author = {Venkatakrishnan, Singanallur and Drummy, Lawrence and Jackson, Michael and De Graef, Marc and Simmons, Jeff and Bouman, Charles},
    number = {1},
    pages = {680--683},
    volume = {51},
    url = {http://ieeexplore.ieee.org/xpl/articleDetails.jsp?arnumber=1443594},
    isbn = {9781467301831},
    doi = {10.1109/SSP.2012.6319793},
    issn = {0018-9448},
    keywords = {Bayesian, Electron tomography, dark-field, methods}
}

@misc{Venkatakrishnan2012BayesianSTEMd,
    title = {{Bayesian tomographic reconstruction for high angle annular dark field (HAADF) scanning transmission electron microscopy (STEM)}},
    year = {2012},
    booktitle = {2012 IEEE Statistical Signal Processing Workshop, SSP 2012},
    author = {Venkatakrishnan, Singanallur and Drummy, Lawrence and Jackson, Michael and De Graef, Marc and Simmons, Jeff and Bouman, Charles},
    number = {1},
    pages = {680--683},
    volume = {51},
    url = {http://ieeexplore.ieee.org/xpl/articleDetails.jsp?arnumber=1443594},
    isbn = {9781467301831},
    doi = {10.1109/SSP.2012.6319793},
    issn = {0018-9448},
    keywords = {Bayesian, Electron tomography, dark-field, methods}
}

@misc{2017CardiffSmartParking,
    title = {{Cardiff SmartParking}},
    year = {2017},
    booktitle = {SmartParking Limited},
    url = {https://www.smartparking.com/keep-up-to-date/press-releases/cardiff-city-council-set-to-unveil-europe-s-first-citywide-deployment-of-bay-sensor-technology}
}

@misc{2017CNR-EXT,
    title = {{CNR-EXT}},
    year = {2017},
    url = {http://claudiotest.isti.cnr.it/park-datasets/CNR-EXT/models/}
}

@article{Villanueva2016CrowdsensingMonitoring,
    title = {{Crowdsensing smart city parking monitoring}},
    year = {2016},
    journal = {IEEE World Forum on Internet of Things, WF-IoT 2015 - Proceedings},
    author = {Villanueva, Felix Jesus and Villa, David and Santofimia, Maria Jose and Barba, Jesus and Lopez, Juan Carlos},
    pages = {751--756},
    isbn = {9781509003655},
    doi = {10.1109/WF-IoT.2015.7389148},
    keywords = {Crowdsensing, Smart City, magnetometer, parking problem, smart phone sensors}
}

@article{Shoup2006CruisingParking,
    title = {{Cruising for parking}},
    year = {2006},
    journal = {Transport Policy},
    author = {Shoup, Donald C.},
    number = {6},
    pages = {479--486},
    volume = {13},
    isbn = {0967-070X},
    doi = {10.1016/j.tranpol.2006.05.005},
    issn = {0967070X},
    keywords = {Congestion, Parking, Pricing}
}

@book{Mehmood2017Cyber-PhysicalCommunications,
    title = {{Cyber-Physical Systems in Vehicular Communications}},
    year = {2017},
    author = {Mehmood, Amjad and Ahmed, Syed Hassan and Sarkar, Mahasweta},
    pages = {21},
    publisher = {Springer},
    doi = {10.4018/978-1-5225-0773-4.ch015}
}

@misc{Schlote2014Delay-tolerantAssignment,
    title = {{Delay-tolerant stochastic algorithms for parking space assignment}},
    year = {2014},
    booktitle = {IEEE Transactions on Intelligent Transportation Systems},
    author = {Schlote, Arieh and King, Christopher and Crisostomi, Emanuele and Shorten, Robert},
    number = {5},
    pages = {1922--1935},
    volume = {15},
    url = {http://ieeexplore.ieee.org/xpl/articleDetails.jsp?arnumber=1443594},
    isbn = {9781467301831},
    doi = {10.1109/TITS.2014.2304356},
    issn = {15249050},
    keywords = {Delay systems, parking, stochastic assignment strategies}
}

@misc{2017DublinTariffs,
    title = {{Dublin Parking Zone Tariffs}},
    year = {2017},
    url = {http://www.dsps.ie/zones_map.pdf}
}

@article{Dokur2016EmbeddedSystem,
    title = {{Embedded system design of a real-time parking guidance system}},
    year = {2016},
    journal = {2016 Annual IEEE Systems Conference (SysCon)},
    author = {Dokur, Omkar and Katkoori, Srinivas and Elmehraz, Nouredddine},
    number = {October},
    pages = {1--8},
    url = {http://ieeexplore.ieee.org/document/7490653/},
    isbn = {978-1-4673-9519-9},
    doi = {10.1109/SYSCON.2016.7490653}
}

@article{Krizhevsky2012ImageNetNetworks,
    title = {{ImageNet Classification with Deep Convolutional Neural Networks}},
    year = {2012},
    journal = {Advances In Neural Information Processing Systems},
    author = {Krizhevsky, Alex and Sutskever, Ilya and Hinton, Geoffrey E},
    pages = {1--9},
    url = {http://papers.nips.cc/paper/4824-imagenet-classification-with-deep-convolutional-neural-networks.pdf},
    isbn = {9781627480031},
    doi = {http://dx.doi.org/10.1016/j.protcy.2014.09.007},
    issn = {10495258},
    pmid = {7491034},
    arxivId = {1102.0183}
}

@article{Lee2008IntelligentNetworks,
    title = {{Intelligent parking lot application using wireless sensor networks}},
    year = {2008},
    journal = {2008 International Symposium on Collaborative Technologies and Systems},
    author = {Lee, S. and Yoon, D. and Ghosh, A.},
    pages = {48--57},
    url = {https://pdfs.semanticscholar.org/3f06/b96b5b9732722631d2a5d1c11b8128b08506.pdf},
    isbn = {978-1-4244-2248-7},
    doi = {10.1109/CTS.2008.4543911},
    keywords = {magnetometers, traffic guidance systems, ultrasonic sensors, wireless sensor networks}
}

@article{Gerla2014InternetClouds,
    title = {{Internet of vehicles: From intelligent grid to autonomous cars and vehicular clouds}},
    year = {2014},
    journal = {2014 IEEE World Forum on Internet of Things (WF-IoT)},
    author = {Gerla, Mario and Lee, Eun-Kyu and Pau, Giovanni and Lee, Uichin},
    pages = {241--246},
    volume = {46},
    url = {http://ieeexplore.ieee.org/lpdocs/epic03/wrapper.htm?arnumber=6803166},
    isbn = {978-1-4799-3459-1},
    doi = {10.1109/WF-IoT.2014.6803166},
    issn = {1550-1477},
    pmid = {14255583},
    keywords = {Accidents, Cameras, Cloud computing, Google car, Internet cloud, Internet of Things, Internet of vehicles, Mobile robots, Roads, VANET, Vehicles, autonomous cars, cloud computing, grid computing, intelligent vehicle grid, pollution control, safe navigation, telecommunication computing, traffic management, vehicular ad hoc networks, vehicular clouds}
}

@article{Millard-Ball2014IsExperiment,
    title = {{Is the curb 80{\%} full or 20{\%} empty? Assessing the impacts of San Francisco's parking pricing experiment}},
    year = {2014},
    journal = {Transportation Research Part A: Policy and Practice},
    author = {Millard-Ball, Adam and Weinberger, Rachel R. and Hampshire, Robert C.},
    pages = {76--92},
    volume = {63},
    publisher = {Elsevier Ltd},
    url = {http://dx.doi.org/10.1016/j.tra.2014.02.016},
    isbn = {0965-8564},
    doi = {10.1016/j.tra.2014.02.016},
    issn = {09658564},
    keywords = {Cruising, Parking management, Parking pricing, Queuing theory, SFpark parking search}
}

@article{Suykens1999LeastClassifiers,
    title = {{Least Squares Support Vector Machine Classifiers}},
    year = {1999},
    journal = {Neural Processing Letters 9},
    author = {Suykens, J A K and Vandewalle, J},
    number = {3},
    pages = {293--300},
    volume = {9},
    url = {http://dx.doi.org/10.1023/A:1018628609742},
    isbn = {1370-4621},
    doi = {10.1023/A:1018628609742},
    issn = {13704621},
    pmid = {99},
    arxivId = {1018628609742},
    keywords = {Classification, RBF – Radial Basis Function, SVM – Support Vector Machines, VC – Vapnik-Chervonenkis, linear least squares, radial basis function kernel Abbreviations, support vector machines}
}

@misc{Mendeley-Desktop-1,
    title = {{Mendeley-Desktop-1}}
}

@misc{SUMO2008NETCONVERT,
    title = {{NETCONVERT}},
    year = {2008},
    booktitle = {N/A},
    author = {{SUMO}},
    url = {http://sumo.dlr.de/wiki/NETCONVERT}
}

@article{Kiess2007OnCommunication,
    title = {{On the nature of Inter-Vehicle Communication}},
    year = {2007},
    journal = {Communication in Distributed Systems (KiVS), 2007 ITG-GI Conference},
    author = {Kiess, Wolfgang and Rybicki, Jedrzej and Mauve, Martin},
    pages = {1--10},
    url = {http://ieeexplore.ieee.org/xpl/articleDetails.jsp?tp=&arnumber=5755516},
    keywords = {Ad hoc networks, Mobile computing}
}

@article{Kopeck2012PARKJAM:Demo,
    title = {{PARKJAM: Crowdsourcing Parking Availability Information with Linked Data (Demo)}},
    year = {2012},
    journal = {N/A},
    author = {Kopeck, Jacek and Domingue, John},
    url = {http://oro.open.ac.uk/34172/1/2012-06-parkjam-demo.pdf},
    doi = {10.1007/978-3-662-46641-4}
}

@misc{2015ParkPnp,
    title = {{ParkPnp}},
    year = {2015},
    booktitle = {N/A},
    url = {https://parkpnp.com/}
}

@misc{2017PKLot,
    title = {{PKLot}},
    year = {2017},
    url = {http://web.inf.ufpr.br/vri/news/parking-lot-database}
}

@misc{Verroios2011ReachingNetworking,
    title = {{Reaching available public parking spaces in urban environments using ad hoc networking}},
    year = {2011},
    booktitle = {Proceedings - IEEE International Conference on Mobile Data Management},
    author = {Verroios, Vasilis and Efstathiou, Vasilis and Delis, Alex},
    number = {1},
    pages = {141--151},
    volume = {1},
    url = {http://ieeexplore.ieee.org/xpl/articleDetails.jsp?arnumber=1443594},
    isbn = {9780769544366},
    doi = {10.1109/MDM.2011.49},
    issn = {15516245},
    keywords = {TSP, Time-Varying Travelling Salesman Problem, VANETs, ad-hoc networking, incremental computing, parking space problem}
}

@article{Verroios2011ReachingNetworkingb,
    title = {{Reaching Available Public Parking Spaces in Urban Environments using Ad-hoc Networking}},
    year = {2011},
    author = {Verroios, Vasilis and Efstathiou, Vasilis and Delis, Alex},
    url = {https://stanford.edu/~verroios/papers/ParkingSpace.pdf},
    isbn = {9780769544366},
    doi = {10.1109/MDM.2011.49},
    keywords = {-parking space problem, ad-, incremental computing, time-varying, travelling salesman problem, tsp, vanets}
}

@article{Hussain2012RethinkingComputing,
    title = {{Rethinking Vehicular Communications: Merging VANET with cloud computing}},
    year = {2012},
    journal = {CloudCom 2012 - Proceedings: 2012 4th IEEE International Conference on Cloud Computing Technology and Science},
    author = {Hussain, Rasheed and Son, Junggab and Eun, Hasoo and Kim, Sangjin and Oh, Heekuck},
    pages = {606--609},
    isbn = {9781467345095},
    doi = {10.1109/CloudCom.2012.6427481},
    keywords = {Cloud Computing, Security and Privacy, VANET, VANET Cloud Architecture, VANET Clouds}
}

@misc{RfidWww.epc-rfid.info,
    title = {{rfid @ www.epc-rfid.info}},
    url = {http://www.epc-rfid.info/rfid}
}

@misc{2017RFIDSmartParking,
    title = {{RFID SmartParking}},
    year = {2017},
    booktitle = {SmartParking Limited},
    url = {https://www.smartparking.com/technologies/rfid-solutions}
}

@article{Lin2008SecurityNetworks,
    title = {{Security in vehicular ad hoc networks}},
    year = {2008},
    journal = {IEEE Communications Magazine},
    author = {Lin, Xiaodong and Lu, Rongxing and Zhang, Chenxi and Zhu, Haojin and Ho, Pin-Han and Shen, Xuemin},
    number = {4},
    pages = {88--95},
    volume = {46},
    url = {http://ieeexplore.ieee.org/xpl/articleDetails.jsp?arnumber=4481346},
    isbn = {9781849196475},
    doi = {10.1109/MCOM.2008.4481346},
    issn = {0163-6804}
}

@article{Ferreira2014Self-automatedNetworking,
    title = {{Self-automated parking lots for autonomous vehicles based on vehicular ad hoc networking}},
    year = {2014},
    journal = {2014 IEEE Intelligent Vehicles Symposium Proceedings},
    author = {Ferreira, Michel and Damas, Luis and Conceicao, Hugo and D'Orey, Pedro M. and Fernandes, Ricardo and Steenkiste, Peter and Gomes, Pedro},
    number = {Iv},
    pages = {472--479},
    url = {http://ieeexplore.ieee.org/lpdocs/epic03/wrapper.htm?arnumber=6856561},
    isbn = {978-1-4799-3638-0},
    doi = {10.1109/IVS.2014.6856561},
    keywords = {Aerospace electronics, Layout, Mobile robots, Proposals, Space exploration, Space vehicles, automobiles, car transportation, electric propulsion, electric propulsion paradigm, fully-autonomous vehicular technology, mechanical parking systems, mobile robots, park cars, parking lot controller, road traffic control, self-automated parking lots, semi-autonomous vehicular technology, traffic congestion, urban landscape, vehicular ad hoc networking, vehicular ad hoc networks}
}

@misc{2017SensorsSmartParking,
    title = {{Sensors SmartParking}},
    year = {2017},
    booktitle = {SmartParking Limited},
    publisher = {SmartParking Limited},
    url = {https://www.smartparking.com/technologies/in-ground-vehicle-detection-sensors}
}

@article{Kianpisheh2012SmartDetector,
    title = {{Smart Parking System (SPS) architecture using ultrasonic detector}},
    year = {2012},
    journal = {International Journal of Software Engineering and its Applications},
    author = {Kianpisheh, Amin and Mustaffa, Norlia and Limtrairut, Pakapan and Keikhosrokiani, Pantea},
    number = {3},
    pages = {51--58},
    volume = {6},
    url = {https://pdfs.semanticscholar.org/d985/e50fc73cd28477af544d52b1e4c9f11f09d5.pdf},
    issn = {17389984},
    keywords = {Car park, Improper parking Directional signage, SPS, Ultrasonic sensors}
}

@misc{Jaynes1963StampIeeexplore.Ieee.Org,
    title = {{Stamp @ Ieeexplore.Ieee.Org}},
    year = {1963},
    booktitle = {Proceedings of the IEEE},
    author = {Jaynes, E.T. and Cummings, F.W.},
    number = {1},
    pages = {89 - 109},
    volume = {51},
    url = {http://ieeexplore.ieee.org/xpl/articleDetails.jsp?arnumber=1443594},
    doi = {10.1109/SSP.2012.6319793},
    issn = {0018-9448},
    keywords = {jaynes cummings}
}

@article{Ruiz-Martinez2015TheEvents,
    title = {{The Semantic Web: ESWC 2012 Satellite Events}},
    year = {2015},
    journal = {Lecture Notes in Computer Science (including subseries Lecture Notes in Artificial Intelligence and Lecture Notes in Bioinformatics)},
    author = {Ruiz-Mart{\'{i}}nez, Juana María and Valencia-Garc{\'{i}}a, Rafael and Garc{\'{i}}a-S{\'{a}}nchez, Francisco},
    pages = {73--86},
    volume = {7540},
    url = {http://www.scopus.com/inward/record.url?eid=2-s2.0-84942616762&partnerID=tZOtx3y1},
    isbn = {978-3-662-46640-7},
    doi = {10.1007/978-3-662-46641-4},
    issn = {16113349},
    keywords = {Financial news, Ontologies, Opinion mining, Semantic web, Sentiment analysis}
}

@book{Kuhn1970TheRevolutions,
    title = {{The Structure of Scientific Revolutions}},
    year = {1970},
    booktitle = {Philosophical Review},
    author = {Kuhn, Thomas S.},
    number = {2},
    pages = {210},
    volume = {II},
    url = {http://www.jstor.org/stable/10.2307/2183664},
    isbn = {0226458032},
    doi = {10.1119/1.1969660},
    issn = {00029505},
    pmid = {1161647},
    arxivId = {0-226-45803-2}
}

@article{Eltoweissy2010TowardsPaper,
    title = {{Towards autonomous vehicular clouds: A position paper (Invited paper)}},
    year = {2010},
    journal = {Lecture Notes of the Institute for Computer Sciences, Social-Informatics and Telecommunications Engineering},
    author = {Eltoweissy, Mohamed and Olariu, Stephan and Younis, Mohamed},
    pages = {1--16},
    volume = {49 LNICST},
    url = {https://pdfs.semanticscholar.org/8a66/0bd54eff945257e606baf3731051904eda8f.pdf},
    isbn = {3642179932},
    doi = {10.1007/978-3-642-17994-5{\_}1},
    issn = {18678211},
    keywords = {Autonomous systems, Cloud computing, Cyber-physical systems, Resource management, Vehicular networks}
}

@article{Sugiyamal2008TrafficJam,
    title = {{Traffic jams without bottlenecks-experimental evidence for the physical mechanism of the formation of a jam}},
    year = {2008},
    journal = {New Journal of Physics},
    author = {Sugiyamal, Yuki and Fukui, Minoru and Kikuchi, Macoto and Hasebe, Katsuya and Nakayama, Akihiro and Nishinari, Katsuhiro and Tadaki, Shin Ichi and Yukawa, Satoshi},
    volume = {10},
    isbn = {1367-2630},
    doi = {10.1088/1367-2630/10/3/033001},
    issn = {13672630},
    pmid = {10929300}
}

@phdthesis{Shriver2016UnderstandingProject,
    title = {{Understanding the Block-Level Price Elasticity of On-Street Parking Demand : A Case Study of San Francisco ' s SFpark Project}},
    year = {2016},
    booktitle = {N/A},
    author = {Shriver, Adam},
    number = {May},
    doi = {10.13140/RG.2.1.2046.8089}
}

@article{Panayappan2007VANET-basedAvailability,
    title = {{VANET-based approach for parking space availability}},
    year = {2007},
    journal = {Proceedings of the fourth {\ldots}},
    author = {Panayappan, Ramu and Trivedi, Jm},
    pages = {75--76},
    url = {http://dl.acm.org/citation.cfm?id=1287763},
    isbn = {9781595937391},
    doi = {10.1145/1287748.1287763},
    keywords = {occupancy matrix, occupancy probability, parking, vanet}
}

@misc{2017WestminsterSmartParking,
    title = {{Westminster SmartParking}},
    year = {2017},
    booktitle = {SmartParking Limited},
    url = {https://www.smartparking.com/keep-up-to-date/press-releases/smart-parking-secures-landmark-westminster-city-council-contract-for-its-real-time-bay-sensor-parking-solution}
}